@book{szeliski2010,
  author    = {Szeliski, Richard},
  title     = {Computer Vision: Algorithms and Applications},
  year      = {2010},
  publisher = {Springer},
  address   = {London, UK},
  isbn      = {978-1-84882-934-3},
  url       = {http://szeliski.org/Book/},
}

@inproceedings{SmithAndBlinn:1996:BSM,
  author    = {Alvy Ray Smith and James F. Blinn},
  title     = {Blue Screen Matting},
  booktitle = {Proceedings of the 23rd Annual Conference on Computer Graphics and Interactive Techniques (SIGGRAPH 96)},
  pages     = {259--268},
  year      = {1996},
  month     = aug,
  publisher = {ACM},
  address   = {New York, NY, USA},
  url       = {https://dl.acm.org/doi/10.1145/237170.237270},
  note      = {ISBN: 0-89791-746-4},
}

@article{Porter:1984:CDI,
  author    = {Thomas Porter and Tom Duff},
  title     = {Compositing Digital Images},
  journal   = {Computer Graphics (SIGGRAPH '84 Proceedings)},
  volume    = {18},
  number    = {3},
  pages     = {253--259},
  year      = {1984},
  month     = jul,
  publisher = {ACM},
  address   = {New York, NY, USA},
  doi       = {10.1145/964965.808606},
}

@misc{germer2020fastmultilevelforegroundestimation,
      title={Fast Multi-Level Foreground Estimation}, 
      author={Thomas Germer and Tobias Uelwer and Stefan Conrad and Stefan Harmeling},
      year={2020},
      eprint={2006.14970},
      archivePrefix={arXiv},
      primaryClass={cs.CV},
      url={https://arxiv.org/abs/2006.14970}, 
}

@article{Horn1981,
  author    = {Berthold K. P. Horn and Brian G. Schunck},
  title     = {Determining Optical Flow},
  journal   = {Artificial Intelligence},
  volume    = {17},
  number    = {1-3},
  pages     = {185--203},
  year      = {1981},
  publisher = {Elsevier},
  doi       = {10.1016/0004-3702(81)90024-2},
  url       = {https://doi.org/10.1016/0004-3702(81)90024-2}
}
